<record><leader>00000cas a22000007a 4500</leader><controlfield tag="001">11200952</controlfield><controlfield tag="008">840926d18181818maucr n       0   a0eng d</controlfield><datafield ind1=" " ind2=" " tag="010"><subfield code="a">sn 96094934 </subfield></datafield><datafield ind1=" " ind2=" " tag="040"><subfield code="a">NYG</subfield><subfield code="b">eng</subfield><subfield code="c">NYG</subfield><subfield code="d">DLC</subfield><subfield code="d">NVK</subfield><subfield code="d">OCL</subfield><subfield code="d">OCLCQ</subfield><subfield code="d">DLC</subfield><subfield code="d">CUS</subfield><subfield code="d">OCLCF</subfield><subfield code="d">OCLCO</subfield></datafield><datafield ind1=" " ind2=" " tag="012"><subfield code="l">1</subfield></datafield><datafield ind1="0" ind2=" " tag="022"><subfield code="a">2157-233X</subfield><subfield code="2">1</subfield></datafield><datafield ind1="1" ind2=" " tag="029"><subfield code="a">AU@</subfield><subfield code="b">000012845479</subfield></datafield><datafield ind1=" " ind2=" " tag="042"><subfield code="a">msc</subfield><subfield code="a">nsdp</subfield></datafield><datafield ind1="1" ind2="0" tag="050"><subfield code="a">ISSN RECORD</subfield></datafield><datafield ind1=" " ind2="4" tag="050"><subfield code="a">AP2</subfield></datafield><datafield ind1="1" ind2="0" tag="082"><subfield code="a">051</subfield><subfield code="2">14</subfield></datafield><datafield ind1=" " ind2="4" tag="082"><subfield code="a">051</subfield></datafield><datafield ind1=" " ind2="0" tag="222"><subfield code="a">Semi-weekly magazine and mercantile advertiser</subfield></datafield><datafield ind1="0" ind2="0" tag="245"><subfield code="a">Semi-weekly magazine and mercantile advertiser.</subfield></datafield><datafield ind1="1" ind2="0" tag="246"><subfield code="a">Semi weekly magazine and mercantile advertiser</subfield></datafield><datafield ind1=" " ind2=" " tag="260"><subfield code="a">Boston, Mass. :</subfield><subfield code="b">Parmenter &amp; Norton,</subfield><subfield code="c">1818.</subfield></datafield><datafield ind1=" " ind2=" " tag="300"><subfield code="a">1 v. ;</subfield><subfield code="c">32 cm.</subfield></datafield><datafield ind1=" " ind2=" " tag="310"><subfield code="a">Semi-weekly</subfield></datafield><datafield ind1="0" ind2=" " tag="362"><subfield code="a">Vol. 2, no. 13 (Jan. 3, 1818).</subfield></datafield><datafield ind1=" " ind2=" " tag="500"><subfield code="a">Title from caption.</subfield></datafield><datafield ind1=" " ind2=" " tag="530"><subfield code="a">Available on microfilm from University Microfilms (American periodical series: 1800-1850)</subfield></datafield><datafield ind1=" " ind2="0" tag="651"><subfield code="a">Boston (Mass.)</subfield><subfield code="v">Newspapers.</subfield></datafield><datafield ind1=" " ind2="7" tag="655"><subfield code="a">Newspapers.</subfield><subfield code="2">fast</subfield><subfield code="0">(OCoLC)fst01423814</subfield></datafield><datafield ind1=" " ind2="7" tag="651"><subfield code="a">Massachusetts</subfield><subfield code="z">Boston.</subfield><subfield code="2">fast</subfield><subfield code="0">(OCoLC)fst01205012</subfield></datafield><datafield ind1="0" ind2="8" tag="776"><subfield code="i">Online version:</subfield><subfield code="t">Boston weekly magazine and ladies' miscellany (Online)</subfield><subfield code="w">(OCoLC)50014056</subfield></datafield><datafield ind1="1" ind2=" " tag="776"><subfield code="t">Semi-weekly magazine and mercantile advertiser</subfield><subfield code="w">(DLC)sf 89092282</subfield><subfield code="w">(OCoLC)11200297</subfield></datafield><datafield ind1="0" ind2="0" tag="780"><subfield code="t">Weekly magazine and ladies' miscellany</subfield><subfield code="x">2157-2275</subfield><subfield code="w">(DLC)sn 96094970</subfield><subfield code="w">(OCoLC)11200932</subfield></datafield><datafield ind1="0" ind2="0" tag="785"><subfield code="t">Boston weekly magazine and ladies' miscellany</subfield><subfield code="x">2157-2364</subfield><subfield code="w">(DLC)sn 96094965</subfield><subfield code="w">(OCoLC)11200994</subfield></datafield><datafield ind1="4" ind2="1" tag="856"><subfield code="u">http://gateway.proquest.com/openurl?url_ver=Z39.88-2004&amp;res_dat=xri:pqd::hnp&amp;rft_val_fmt=info:ofi/fmt:kev:mtx:journal&amp;rft_dat=xri:pqd:PMID=41097</subfield></datafield></record>